@misc{unitylicense,
  title = {Unity Runtime Fee – Unity},
  url = {https://unity.com/pricing-updates},
  note = {Zugriff am 21. Mai 2025}
}

@misc{unrealpricing,
  title = {Unreal Engine Licensing - Unreal Engine},
  url = {https://www.unrealengine.com/en-US/license},
  note = {Zugriff am 21. Mai 2025}
}

@misc{godotdoc,
  title = {Godot Engine – Lizenzmodell},
  url = {https://godotengine.org/license},
  note = {Zugriff am 21. Mai 2025}
}

@misc{fishnetdocs,
  title = {FishNet Documentation},
  url = {https://fish-networking.gitbook.io/docs/},
  note = {Zugriff am 21. Mai 2025}
}

@misc{dogfoodingexample,
  author = {Scott Kennedy},
  title = {How Epic is integrating Niagara into Fortnite},
  year = {2019},
  howpublished = {\url{https://www.unrealengine.com/de/tech-blog/how-epic-is-integrating-niagara-into-fortnite?}},
  note = {Letzter Zugriff: 21.05.2025}
}

@misc{witcher-4-demo,
  author = {CD Project Red},
  title = {The Witcher 4 — Unreal Engine 5 Tech Demo},
  year = {2025}, 
  url = {https://www.thewitcher.com/us/en/news/51521/the-witcher-4-unreal-engine-5-tech-demo},
  note = {Letzter Zugriff: 25.06.2025}
}


